@book{myCitation,
  title={An introduction to citations and Latex templates},
  author={Washington, Ashley},
  volume={519},
  year={1968},
  publisher={Template Inc.}
}

%%%%%%----Chapter 2----%%%%%%
@inproceedings{laibowitz2005parasitic,
  title={Parasitic mobility for pervasive sensor networks},
  author={Laibowitz, Mathew and Paradiso, Joseph A},
  booktitle={International Conference on Pervasive Computing},
  pages={255--278},
  year={2005},
  organization={Springer}
}

@article{dementyev2017dualblink,
  title={DualBlink: A Wearable Device to Continuously Detect, Track, and Actuate Blinking For Alleviating Dry Eyes and Computer Vision Syndrome},
  author={Dementyev, Artem and Holz, Christian},
  journal={Proceedings of the ACM on Interactive, Mobile, Wearable and Ubiquitous Technologies},
  volume={1},
  number={1},
  pages={1},
  year={2017},
  publisher={ACM}
}

@inproceedings{dementyev2013temperature,
  title={135-hour-battery-life skin temperature monitoring system using a Bluetooth cellular phone},
  author={Dementyev, Artem and Behnaz, Alexander and Gorbach, Alexander M},
  booktitle={Biomedical Wireless Technologies, Networks, and Sensing Systems (BioWireleSS), 2013 IEEE Topical Conference on},
  pages={25--27},
  year={2013},
  organization={IEEE}
}

@inproceedings{dementyev2018mass,
  title={Mass Manufacturing of Self-Actuating Robots: Integrating Sensors and Actuators Using Flexible Electronics},
  author={Dementyev, Artem and Qil, Jie and Ou, Jifei and Paradiso, Joseph},
  booktitle={2018 IEEE/RSJ International Conference on Intelligent Robots and Systems (IROS)},
  pages={6099--6104},
  year={2018},
  organization={IEEE}
}

@inproceedings{dementyev2014wristflex,
  title={WristFlex: low-power gesture input with wrist-worn pressure sensors},
  author={Dementyev, Artem and Paradiso, Joseph A},
  booktitle={Proceedings of the 27th annual ACM symposium on User interface software and technology},
  pages={161--166},
  year={2014},
  organization={ACM}
}

@inproceedings{kao2015nailo,
  title={NailO: fingernails as an input surface},
  author={Kao, Hsin-Liu Cindy and Dementyev, Artem and Paradiso, Joseph A and Schmandt, Chris},
  booktitle={Proceedings of the 33rd Annual ACM Conference on Human Factors in Computing Systems},
  pages={3015--3018},
  year={2015},
  organization={ACM}
}

@inproceedings{nakagaki2016chainform,
  title={Chainform: A linear integrated modular hardware system for shape changing interfaces},
  author={Nakagaki, Ken and Dementyev, Artem and Follmer, Sean and Paradiso, Joseph A and Ishii, Hiroshi},
  booktitle={Proceedings of the 29th Annual Symposium on User Interface Software and Technology},
  pages={87--96},
  year={2016},
  organization={ACM}
}

@article{sherman2003maggot,
  title={Maggot therapy for treating diabetic foot ulcers unresponsive to conventional therapy},
  author={Sherman, Ronald A},
  journal={Diabetes care},
  volume={26},
  number={2},
  pages={446--451},
  year={2003},
  publisher={Am Diabetes Assoc}
}

@article{singh2010medicinal,
  title={Medicinal leech therapy (hirudotherapy): a brief overview},
  author={Singh, Amrit Pal},
  journal={Complementary therapies in clinical practice},
  volume={16},
  number={4},
  pages={213--215},
  year={2010},
  publisher={Elsevier}
}

@book{nof1999handbook,
  title={Handbook of industrial robotics},
  author={Nof, Shimon Y},
  volume={1},
  year={1999},
  publisher={John Wiley \& Sons}
}

@inproceedings{gong2017cito,
  title={Cito: An Actuated Smartwatch for Extended Interactions},
  author={Gong, Jun and Li, Lan and Vogel, Daniel and Yang, Xing-Dong},
  booktitle={Proceedings of the 2017 CHI Conference on Human Factors in Computing Systems},
  pages={5331--5345},
  year={2017},
  organization={ACM}
}

@inproceedings{zhou2016aurasense,
  title={AuraSense: enabling expressive around-smartwatch interactions with electric field sensing},
  author={Zhou, Junhan and Zhang, Yang and Laput, Gierad and Harrison, Chris},
  booktitle={Proceedings of the 29th Annual Symposium on User Interface Software and Technology},
  pages={81--86},
  year={2016},
  organization={ACM}
}

@inproceedings{poupyrev2016project,
  title={Project Jacquard: interactive digital textiles at scale},
  author={Poupyrev, Ivan and Gong, Nan-Wei and Fukuhara, Shiho and Karagozler, Mustafa Emre and Schwesig, Carsten and Robinson, Karen E},
  booktitle={Proceedings of the 2016 CHI Conference on Human Factors in Computing Systems},
  pages={4216--4227},
  year={2016},
  organization={ACM}
}

@article{kim2011epidermal,
  title={Epidermal electronics},
  author={Kim, Dae-Hyeong and Lu, Nanshu and Ma, Rui and Kim, Yun-Soung and Kim, Rak-Hwan and Wang, Shuodao and Wu, Jian and Won, Sang Min and Tao, Hu and Islam, Ahmad and others},
  journal={science},
  volume={333},
  number={6044},
  pages={838--843},
  year={2011},
  publisher={American Association for the Advancement of Science}
}

@inproceedings{weigel2015iskin,
  title={Iskin: flexible, stretchable and visually customizable on-body touch sensors for mobile computing},
  author={Weigel, Martin and Lu, Tong and Bailly, Gilles and Oulasvirta, Antti and Majidi, Carmel and Steimle, J{\"u}rgen},
  booktitle={Proceedings of the 33rd Annual ACM Conference on Human Factors in Computing Systems},
  pages={2991--3000},
  year={2015},
  organization={ACM}
}

@inproceedings{lo2016skintillates,
  title={Skintillates: Designing and creating epidermal interactions},
  author={Lo, Joanne and Lee, Doris Jung Lin and Wong, Nathan and Bui, David and Paulos, Eric},
  booktitle={Proceedings of the 2016 ACM Conference on Designing Interactive Systems},
  pages={853--864},
  year={2016},
  organization={ACM}
}

@inproceedings{kao2016duoskin,
  title={DuoSkin: Rapidly prototyping on-skin user interfaces using skin-friendly materials},
  author={Kao, Hsin-Liu Cindy and Holz, Christian and Roseway, Asta and Calvo, Andres and Schmandt, Chris},
  booktitle={Proceedings of the 2016 ACM International Symposium on Wearable Computers},
  pages={16--23},
  year={2016},
  organization={ACM}
}

@incollection{rosen2011raven,
  title={Raven: Developing a surgical robot from a concept to a transatlantic teleoperation experiment},
  author={Rosen, Jacob and Lum, Mitchell and Sinanan, Mika and Hannaford, Blake},
  booktitle={Surgical Robotics},
  pages={159--197},
  year={2011},
  publisher={Springer}
}

@article{tewari2002technique,
  title={Technique of da Vinci robot-assisted anatomic radical prostatectomy},
  author={Tewari, Ashutosh and Peabody, James and Sarle, Richard and Balakrishnan, Guruswami and Hemal, Ashok and Shrivastava, Alok and Menon, Mani},
  journal={Urology},
  volume={60},
  number={4},
  pages={569--572},
  year={2002},
  publisher={Elsevier}
}

@inproceedings{simaan2004high,
  title={High dexterity snake-like robotic slaves for minimally invasive telesurgery of the upper airway},
  author={Simaan, Nabil and Taylor, Russell and Flint, Paul},
  booktitle={International Conference on Medical Image Computing and Computer-Assisted Intervention},
  pages={17--24},
  year={2004},
  organization={Springer}
}

@article{shoham2003bone,
  title={Bone-mounted miniature robot for surgical procedures: Concept and clinical applications},
  author={Shoham, Moshe and Burman, Michael and Zehavi, Eli and Joskowicz, Leo and Batkilin, Eduard and Kunicher, Yigal},
  journal={IEEE Transactions on Robotics and Automation},
  volume={19},
  number={5},
  pages={893--901},
  year={2003},
  publisher={IEEE}
}

@inproceedings{yoon2011active,
  title={Active bending endoscope robot system for navigation through sinus area},
  author={Yoon, Hyun-Soo and Oh, Se Min and Jeong, Jin Hyeok and Lee, Seung Hwan and Tae, Kyung and Koh, Kyoung-Chul and Yi, Byung-Ju},
  booktitle={Intelligent Robots and Systems (IROS), 2011 IEEE/RSJ International Conference on},
  pages={967--972},
  year={2011},
  organization={IEEE}
}

@inproceedings{bitzer2006learning,
  title={Learning EMG control of a robotic hand: towards active prostheses},
  author={Bitzer, Sebastian and Van Der Smagt, Patrick},
  booktitle={Robotics and Automation, 2006. ICRA 2006. Proceedings 2006 IEEE International Conference on},
  pages={2819--2823},
  year={2006},
  organization={IEEE}
}

@article{patronik2005preliminary,
  title={Preliminary evaluation of a mobile robotic device for navigation and intervention on the beating heart},
  author={Patronik, NA and Zenati, MA and Riviere, CN},
  journal={Computer Aided Surgery},
  volume={10},
  number={4},
  pages={225--232},
  year={2005},
  publisher={Taylor \& Francis}
}

@inproceedings{patronik2004crawling,
  title={Crawling on the heart: a mobile robotic device for minimally invasive cardiac interventions},
  author={Patronik, Nicholas A and Zenati, Marco A and Riviere, Cameron N},
  booktitle={International Conference on Medical Image Computing and Computer-Assisted Intervention},
  pages={9--16},
  year={2004},
  organization={Springer}
}

@article{perry2007upper,
  title={Upper-limb powered exoskeleton design},
  author={Perry, Joel C and Rosen, Jacob and Burns, Stephen},
  journal={IEEE/ASME transactions on mechatronics},
  volume={12},
  number={4},
  pages={408--417},
  year={2007},
  publisher={IEEE}
}

@inproceedings{cavalcanti2006nanorobot,
  title={Nanorobot for treatment of patients with artery occlusion},
  author={Cavalcanti, Adriano and Rosen, Lior and Shirinzadeh, Bijan and Rosenfeld, Moshe and Paulo, S and Aviv, T},
  booktitle={Proceedings of Virtual Concept},
  year={2006}
}

@inproceedings{webster2006toward,
  title={Toward active cannulas: Miniature snake-like surgical robots},
  author={Webster, Robert J and Okamura, Allison M and Cowan, Nah J},
  booktitle={Intelligent Robots and Systems, 2006 IEEE/RSJ International Conference on},
  pages={2857--2863},
  year={2006},
  organization={IEEE}
}

@phdthesis{briggs1988automated,
  title={Automated handling of flexible materials},
  author={Briggs, John Charles},
  year={1988},
  school={Massachusetts Institute of Technology}
}

@inproceedings{birkmeyer2011clash,
  title={CLASH: Climbing vertical loose cloth},
  author={Birkmeyer, Paul and Gillies, Andrew G and Fearing, Ronald S},
  booktitle={Intelligent Robots and Systems (IROS), 2011 IEEE/RSJ International Conference on},
  pages={5087--5093},
  year={2011},
  organization={IEEE}
}

@inproceedings{liu2012system,
  title={System and design of clothbot: A robot for flexible clothes climbing},
  author={Liu, Yuanyuan and Wu, Xinyu and Qian, Huihuan and Zheng, Duan and Sun, Jianquan and Xu, Yangsheng},
  booktitle={Robotics and Automation (ICRA), 2012 IEEE International Conference on},
  pages={1200--1205},
  year={2012},
  organization={IEEE}
}

@inproceedings{chen2013rubbot,
  title={Rubbot: Rubbing on flexible loose surfaces},
  author={Chen, Guangchen and Liu, Yuanyuan and Fu, Ruiqing and Sun, Jianwei and Wu, Xinyu and Xu, Yangsheng},
  booktitle={Intelligent Robots and Systems (IROS), 2013 IEEE/RSJ International Conference on},
  pages={2303--2308},
  year={2013},
  organization={IEEE}
}

@inproceedings{dementyev2016rovables,
  title={Rovables: Miniature on-body robots as mobile wearables},
  author={Dementyev, Artem and Kao, Hsin-Liu Cindy and Choi, Inrak and Ajilo, Deborah and Xu, Maggie and Paradiso, Joseph A and Schmandt, Chris and Follmer, Sean},
  booktitle={Proceedings of the 29th Annual Symposium on User Interface Software and Technology},
  pages={111--120},
  year={2016},
  organization={ACM}
}

@inproceedings{saga2014daily,
  title={Daily support robots that move on the body},
  author={Saga, Tamami and Munekata, Nagisa and Ono, Tetsuo},
  booktitle={Proceedings of the second international conference on Human-agent interaction},
  pages={29--34},
  year={2014},
  organization={ACM}
}

@phdthesis{whiton2013sartorial,
  title={Sartorial Robotics: Electronic-textiles and fiber-electronics for social soft-architecture robotics},
  author={Whiton, Adam},
  year={2013},
  school={Ph. D. Dissertation. Massachusetts Institute of Technology, Cambridge, MA}
}

@article{murphy2007waalbot,
  title={Waalbot: An agile small-scale wall-climbing robot utilizing dry elastomer adhesives},
  author={Murphy, Michael P and Sitti, Metin},
  journal={IEEE/ASME transactions on Mechatronics},
  volume={12},
  number={3},
  pages={330--338},
  year={2007},
  publisher={IEEE}
}

@inproceedings{menon2004gecko,
  title={Gecko inspired surface climbing robots},
  author={Menon, Carlo and Murphy, Michael and Sitti, Metin},
  booktitle={Robotics and Biomimetics, 2004. ROBIO 2004. IEEE International Conference on},
  pages={431--436},
  year={2004},
  organization={IEEE}
}

@inproceedings{briones1994wall,
  title={Wall-climbing robot for inspection in nuclear power plants},
  author={Briones, Leoncio and Bustamante, Paul and Serna, Miguel A},
  booktitle={Robotics and Automation, 1994. Proceedings., 1994 IEEE International Conference on},
  pages={1409--1414},
  year={1994},
  organization={IEEE}
}

@inproceedings{eich2011design,
  title={Design and control of a lightweight magnetic climbing robot for vessel inspection},
  author={Eich, Markus and V{\"o}gele, Thomas},
  booktitle={Control \& Automation (MED), 2011 19th Mediterranean Conference on},
  pages={1200--1205},
  year={2011},
  organization={IEEE}
}

@inproceedings{lam2011flexible,
  title={A flexible tree climbing robot: Treebot-design and implementation},
  author={Lam, Tin Lun and Xu, Yangsheng},
  booktitle={Robotics and Automation (ICRA), 2011 IEEE International Conference on},
  pages={5849--5854},
  year={2011},
  organization={IEEE}
}

@inproceedings{sabelhaus2013tinyterp,
  title={Tinyterp: a tiny terrestrial robotic platform with modular sensing},
  author={Sabelhaus, Andrew P and Mirsky, Daniel and Hill, L Maxwell and Martins, Nuno C and Bergbreiter, Sarah},
  booktitle={Robotics and Automation (ICRA), 2013 IEEE International Conference on},
  pages={2600--2605},
  year={2013},
  organization={IEEE}
}

@article{caprari2001fascination,
  title={Fascination of down scaling-Alice the sugar cube robot},
  author={Caprari, Gilles and Estier, Thomas and Siegwart, Roland},
  journal={Journal of micromechatronics},
  volume={1},
  number={3},
  pages={177--189},
  year={2001},
  publisher={Springer}
}

@inproceedings{rubenstein2012kilobot,
  title={Kilobot: A low cost scalable robot system for collective behaviors},
  author={Rubenstein, Michael and Ahler, Christian and Nagpal, Radhika},
  booktitle={Robotics and Automation (ICRA), 2012 IEEE International Conference on},
  pages={3293--3298},
  year={2012},
  organization={IEEE}
}

@inproceedings{iwata2016insect,
  title={Insect-type microrobot with mounted bare chip IC of artificial neural networks},
  author={Iwata, Kei and Okane, Yuki and Ishihara, Yuki and Sugita, Kazuki and Ono, Satoko and Abe, Mizuki and Chiba, Satohiro and Takato, Minami and Saito, Ken and Uchikoba, Fumio},
  booktitle={Micro Electro Mechanical Systems (MEMS), 2016 IEEE 29th International Conference on},
  pages={1204--1207},
  year={2016},
  organization={IEEE}
} 

@article{edqvist2009evaluation,
  title={Evaluation of building technology for mass producible millimetre-sized robots using flexible printed circuit boards},
  author={Edqvist, Erik and Snis, Niklas and Mohr, Raimon Casanova and Scholz, Oliver and Corradi, Paolo and Gao, Jianbo and Di{\'e}guez, Angel and Wyrsch, Nicolas and Johansson, Stefan},
  journal={Journal of Micromechanics and Microengineering},
  volume={19},
  number={7},
  pages={075011},
  year={2009},
  publisher={IOP Publishing}
}

@article{autumn2002evidence,
  title={Evidence for van der Waals adhesion in gecko setae},
  author={Autumn, Kellar and Sitti, Metin and Liang, Yiching A and Peattie, Anne M and Hansen, Wendy R and Sponberg, Simon and Kenny, Thomas W and Fearing, Ronald and Israelachvili, Jacob N and Full, Robert J},
  journal={Proceedings of the National Academy of Sciences},
  volume={99},
  number={19},
  pages={12252--12256},
  year={2002},
  publisher={National Acad Sciences}
}

@article{gray1938mechanism,
  title={The mechanism of locomotion in the leech (Hirudo medicinalis Ray)},
  author={Gray, J and Lissmann, HW and Pumphrey, RJ},
  journal={Journal of Experimental Biology},
  volume={15},
  number={3},
  pages={408--430},
  year={1938},
  publisher={The Company of Biologists Ltd}
}

@article{laschi2009design,
  title={Design of a biomimetic robotic octopus arm},
  author={Laschi, Cecilia and Mazzolai, Barbara and Mattoli, V and Cianchetti, M and Dario, P},
  journal={Bioinspiration \& biomimetics},
  volume={4},
  number={1},
  pages={015006},
  year={2009},
  publisher={IOP Publishing}
}

@article{bing2009bio,
  title={Bio-inspired miniature suction cups actuated by shape memory alloy},
  author={Bing-Shan, Hu and Li-Wen, Wang and Zhuang, Fu and Yan-zheng, Zhao},
  journal={International Journal of Advanced Robotic Systems},
  volume={6},
  number={3},
  pages={29},
  year={2009},
  publisher={SAGE Publications Sage UK: London, England}
}

@article{curtis2002dynamic,
  title={Dynamic holographic optical tweezers},
  author={Curtis, Jennifer E and Koss, Brian A and Grier, David G},
  journal={Optics communications},
  volume={207},
  number={1-6},
  pages={169--175},
  year={2002},
  publisher={Elsevier}
}

@article{paxton2004catalytic,
  title={Catalytic nanomotors: autonomous movement of striped nanorods},
  author={Paxton, Walter F and Kistler, Kevin C and Olmeda, Christine C and Sen, Ayusman and St. Angelo, Sarah K and Cao, Yanyan and Mallouk, Thomas E and Lammert, Paul E and Crespi, Vincent H},
  journal={Journal of the American Chemical Society},
  volume={126},
  number={41},
  pages={13424--13431},
  year={2004},
  publisher={ACS Publications}
}

@article{martel2006controlled,
  title={Controlled manipulation and actuation of micro-objects with magnetotactic bacteria},
  author={Martel, Sylvain and Tremblay, Charles C and Ngakeng, Serge and Langlois, Guillaume},
  journal={Applied Physics Letters},
  volume={89},
  number={23},
  pages={233904},
  year={2006},
  publisher={AIP}
}

@inproceedings{thorp1998invention,
  title={The invention of the first wearable computer},
  author={Thorp, Edward O},
  booktitle={Wearable Computers, 1998. Digest of Papers. Second International Symposium on},
  pages={4--8},
  year={1998},
  organization={IEEE}
}

@article{mann1997wearable,
  title={Wearable computing: A first step toward personal imaging},
  author={Mann, Steve},
  journal={Computer},
  volume={30},
  number={2},
  pages={25--32},
  year={1997},
  publisher={IEEE}
}

@article{transformingClothing,
  author =       {Rachel Ross},
  title =        {Transforming Clothes},
  year =         2006,
  note =         {\url{http://www.technologyreview.com/news/406705/transforming-clothes/}},
    journal =      "MIT Technology Review",
}

@article{nixieDrone,
  author =       {Anthony Domanico},
  title =        {Nixie lets you wear a selfie-taking drone on your wrist},
  year =         2014,
  note =         {\url{http://www.cnet.com/news/nixie-wear-a-selfie-taking-drone-on-your-wrist/}},
    journal =      "CNET",
}

@article{BettleJewelry,
  author =       {Kristen Warfield},
  title =        {People Are Covering Live Beetles In Jewels To Use As Jewelry},
  year =         2018,
  note =         {\url{https://www.thedodo.com/in-the-wild/live-maquech-beetle-jewelry}},
    journal =      "The Dodo",
}

@article{SkinSucka,
  author =       {Studio XO},
  title =        {Skin Sucka},
  year =         2013,
  note =         {\url{https://www.youtube.com/watch?v=pAE4TDMK9cY}},
    journal =      "Concept video",
}

@article{MagneticFabric,
  author =       {Mark Wilson},
  title =        {Magnetic fabric could let you change clothing instantly},
  year =         2015,
  note =         {\url{https://www.fastcodesign.com/3045349/magical-fabric-could-let-you-change-clothes-instantly}},
    journal =      "Co-Design",
}

@article{Graze,
  author =       {Behnaz Farahi},
  title =        {Caress of the gaze},
  year =         2015,
  note =         {\url{http://behnazfarahi.com/caress-of-the-gaze/}},
    journal =      "Personal Website",
}

@inproceedings{buechley2008lilypad,
  title={The LilyPad Arduino: using computational textiles to investigate engagement, aesthetics, and diversity in computer science education},
  author={Buechley, Leah and Eisenberg, Mike and Catchen, Jaime and Crockett, Ali},
  booktitle={Proceedings of the SIGCHI conference on Human factors in computing systems},
  pages={423--432},
  year={2008},
  organization={ACM}
}

@article{post2000broidery,
  title={E-broidery: Design and fabrication of textile-based computing},
  author={Post, Ernest Rehmatulla and Orth, Maggie and Russo, Peter R and Gershenfeld, Neil},
  journal={IBM Systems journal},
  volume={39},
  number={3.4},
  pages={840--860},
  year={2000},
  publisher={IBM}
}

@inproceedings{leigh2016body,
  title={Body integrated programmable joints interface},
  author={Leigh, Sang-won and Maes, Pattie},
  booktitle={Proceedings of the 2016 CHI Conference on Human Factors in Computing Systems},
  pages={6053--6057},
  year={2016},
  organization={ACM}
}

@inproceedings{adib2015smart,
  title={Smart homes that monitor breathing and heart rate},
  author={Adib, Fadel and Mao, Hongzi and Kabelac, Zachary and Katabi, Dina and Miller, Robert C},
  booktitle={Proceedings of the 33rd annual ACM conference on human factors in computing systems},
  pages={837--846},
  year={2015},
  organization={ACM}
}

@article{mcduff2014improvements,
  title={Improvements in remote cardiopulmonary measurement using a five band digital camera},
  author={McDuff, Daniel and Gontarek, Sarah and Picard, Rosalind W},
  journal={IEEE Transactions on Biomedical Engineering},
  volume={61},
  number={10},
  pages={2593--2601},
  year={2014},
  publisher={IEEE}
}

@article{orf2011fiber,
  title={Fiber draw synthesis},
  author={Orf, Nicholas D and Shapira, Ofer and Sorin, Fabien and Danto, Sylvain and Baldo, Marc A and Joannopoulos, John D and Fink, Yoel},
  journal={Proceedings of the National Academy of Sciences},
  volume={108},
  number={12},
  pages={4743--4747},
  year={2011},
  publisher={National Acad Sciences}
}

@inproceedings{phan2015smartwatch,
  title={Smartwatch: Performance evaluation for long-term heart rate monitoring},
  author={Phan, Dung and Siong, Lee Yee and Pathirana, Pubudu N and Seneviratne, Aruna},
  booktitle={Bioelectronics and Bioinformatics (ISBB), 2015 International Symposium on},
  pages={144--147},
  year={2015},
  organization={IEEE}
}

@article{nelson2010microrobots,
  title={Microrobots for minimally invasive medicine},
  author={Nelson, Bradley J and Kaliakatsos, Ioannis K and Abbott, Jake J},
  journal={Annual review of biomedical engineering},
  volume={12},
  pages={55--85},
  year={2010},
  publisher={Annual Reviews}
}

@article{roetenberg2009xsens,
  title={Xsens MVN: full 6DOF human motion tracking using miniature inertial sensors},
  author={Roetenberg, Daniel and Luinge, Henk and Slycke, Per},
  journal={Xsens Motion Technologies BV, Tech. Rep},
  volume={1},
  year={2009}
}

@article{someya2004large,
  title={A large-area, flexible pressure sensor matrix with organic field-effect transistors for artificial skin applications},
  author={Someya, Takao and Sekitani, Tsuyoshi and Iba, Shingo and Kato, Yusaku and Kawaguchi, Hiroshi and Sakurai, Takayasu},
  journal={Proceedings of the National Academy of Sciences},
  volume={101},
  number={27},
  pages={9966--9970},
  year={2004},
  publisher={National Acad Sciences}
}

@inproceedings{dementyev2015sensortape,
  title={Sensortape: Modular and programmable 3d-aware dense sensor network on a tape},
  author={Dementyev, Artem and Kao, Hsin-Liu Cindy and Paradiso, Joseph A},
  booktitle={Proceedings of the 28th Annual ACM Symposium on User Interface Software \& Technology},
  pages={649--658},
  year={2015},
  organization={ACM}
}

@article{wu2018swarm,
  title={A swarm of slippery micropropellers penetrates the vitreous body of the eye},
  author={Wu, Zhiguang and Troll, Jonas and Jeong, Hyeon-Ho and Wei, Qiang and Stang, Marius and Ziemssen, Focke and Wang, Zegao and Dong, Mingdong and Schnichels, Sven and Qiu, Tian and others},
  journal={Science advances},
  volume={4},
  number={11},
  pages={eaat4388},
  year={2018},
  publisher={American Association for the Advancement of Science}
}

@inproceedings{dobbelstein2018movelet,
  title={Movelet: a self-actuated movable bracelet for positional haptic feedback on the user's forearm},
  author={Dobbelstein, David and Stemasov, Evgeny and Besserer, Daniel and Stenske, Irina and Rukzio, Enrico},
  booktitle={Proceedings of the 2018 ACM International Symposium on Wearable Computers},
  pages={33--39},
  year={2018},
  organization={ACM}
}

@inproceedings{ion2015skin,
  title={Skin drag displays: Dragging a physical tactor across the user's skin produces a stronger tactile stimulus than vibrotactile},
  author={Ion, Alexandra and Wang, Edward Jay and Baudisch, Patrick},
  booktitle={Proceedings of the 33rd Annual ACM Conference on Human Factors in Computing Systems},
  pages={2501--2504},
  year={2015},
  organization={ACM}
}

@article{dodig2016models,
  title={Models and Modelling of Dynamic Moments of Inertia of Human Body},
  author={Dodig, Miroslav},
  journal={International Journal of Sports Science},
  volume={6},
  number={6},
  pages={249--256},
  year={2016},
  publisher={Scientific \& Academic Publishing}
}

@misc{nissila2014ihs,
  title={IHS MEMS \& Sensors for Wearables Report--2014},
  author={Nissila, S and Bouchard, J and Boustany, M},
  year={2014},
  publisher={Englewood, CO: IHS Sensors}
}

@inproceedings{abadi2016tensorflow,
  title={Tensorflow: a system for large-scale machine learning.},
  author={Abadi, Mart{\'\i}n and Barham, Paul and Chen, Jianmin and Chen, Zhifeng and Davis, Andy and Dean, Jeffrey and Devin, Matthieu and Ghemawat, Sanjay and Irving, Geoffrey and Isard, Michael and others},
  booktitle={OSDI},
  volume={16},
  pages={265--283},
  year={2016}
}

@article{silver2016mastering,
  title={Mastering the game of Go with deep neural networks and tree search},
  author={Silver, David and Huang, Aja and Maddison, Chris J and Guez, Arthur and Sifre, Laurent and Van Den Driessche, George and Schrittwieser, Julian and Antonoglou, Ioannis and Panneershelvam, Veda and Lanctot, Marc and others},
  journal={nature},
  volume={529},
  number={7587},
  pages={484},
  year={2016},
  publisher={Nature Publishing Group}
}

@article{allAboutWrist,
  author =       {Felix Richter},
  title =        {The Global Wearables Market Is All About the Wrist
},
  year =         2018,
  note =         {\url{https://www.statista.com/chart/3370/wearable-device-forecast/}},
    journal =      "Statista",
}

@article{piwek2016rise,
  title={The rise of consumer health wearables: promises and barriers},
  author={Piwek, Lukasz and Ellis, David A and Andrews, Sally and Joinson, Adam},
  journal={PLoS Medicine},
  volume={13},
  number={2},
  pages={e1001953},
  year={2016},
  publisher={Public Library of Science}
}

@article{dementyev2018epidermal,
  title={Epidermal Robots: Wearable Sensors That Climb on the Skin},
  author={Dementyev, Artem and Hernandez, Javier and Choi, Inrak and Follmer, Sean and Paradiso, Joseph},
  journal={Proceedings of the ACM on Interactive, Mobile, Wearable and Ubiquitous Technologies},
  volume={2},
  number={3},
  pages={102},
  year={2018},
  publisher={ACM}
}

@inproceedings{kao2017exploring,
  title={Exploring Interactions and Perceptions of Kinetic Wearables},
  author={Kao, Hsin-Liu Cindy and Ajilo, Deborah and Anilionyte, Oksana and Dementyev, Artem and Choi, Inrak and Follmer, Sean and Schmandt, Chris},
  booktitle={Proceedings of the 2017 Conference on Designing Interactive Systems},
  pages={391--396},
  year={2017},
  organization={ACM}
}

@inproceedings{dementyev2017skinbot,
  title={Skinbot: A wearable skin climbing robot},
  author={Dementyev, Artem and Hernandez, Javier and Follmer, Sean and Choi, Inrak and Paradiso, Joseph},
  booktitle={Adjunct Publication of the 30th Annual ACM Symposium on User Interface Software and Technology},
  pages={5--6},
  year={2017},
  organization={ACM}
}


%%%%Epidermal robots
@article{wallen2016accuracy,
  title={Accuracy of heart rate watches: implications for weight management},
  author={Wallen, Matthew P and Gomersall, Sjaan R and Keating, Shelley E and Wisl{\o}ff, Ulrik and Coombes, Jeff S},
  journal={PLoS One},
  volume={11},
  number={5},
  pages={e0154420},
  year={2016},
  publisher={Public Library of Science}
}

@inproceedings{kappas2013validation,
  title={A validation study of the Affectiva Q-Sensor in different social laboratory situations},
  author={Kappas, Arvid and K{\"u}ster, Dennis and Basedow, Christina and Dente, Pasquale},
  booktitle={53rd Annual Meeting of the Society for Psychophysiological Research, Florence, Italy},
  year={2013}
}

@article{poh2010non,
  title={Non-contact, automated cardiac pulse measurements using video imaging and blind source separation.},
  author={Poh, Ming-Zher and McDuff, Daniel J and Picard, Rosalind W},
  journal={Optics express},
  volume={18},
  number={10},
  pages={10762--10774},
  year={2010},
  publisher={Optical Society of America}
}

@article{kim2008smooth,
  title={Smooth vertical surface climbing with directional adhesion},
  author={Kim, Sangbae and Spenko, Matthew and Trujillo, Salomon and Heyneman, Barrett and Santos, Daniel and Cutkosky, Mark R},
  journal={IEEE Transactions on robotics},
  volume={24},
  number={1},
  pages={65--74},
  year={2008},
  publisher={IEEE}
}

@inproceedings{daltorio2005small,
  title={A small wall-walking robot with compliant, adhesive feet},
  author={Daltorio, Kathryn A and Horchler, Andrew D and Gorb, Stanislav and Ritzmann, Roy E and Quinn, Roger D},
  booktitle={Intelligent Robots and Systems, 2005.(IROS 2005). 2005 IEEE/RSJ International Conference on},
  pages={3648--3653},
  year={2005},
  organization={IEEE}
}

@inproceedings{tortora2012investigation,
  title={Investigation of bioinspired gecko fibers to improve adhesion of HeartLander surgical robot},
  author={Tortora, Giuseppe and Glass, Paul and Wood, Nathan and Aksak, Burak and Menciassi, Arianna and Sitti, Metin and Riviere, Cameron},
  booktitle={Engineering in Medicine and Biology Society (EMBC), 2012 Annual International Conference of the IEEE},
  pages={908--911},
  year={2012},
  organization={IEEE}
}

@article{diridollou2000vivo,
  title={In vivo model of the mechanical properties of the human skin under suction},
  author={Diridollou, S and Patat, F and Gens, F and Vaillant, L and Black, D and Lagarde, JM and Gall, Y and Berson, M},
  journal={Skin Research and technology},
  volume={6},
  number={4},
  pages={214--221},
  year={2000},
  publisher={Wiley Online Library}
}

@article{agache1980mechanical,
  title={Mechanical properties and Young's modulus of human skin in vivo},
  author={Agache, PG and Monneur, C and Leveque, JL and De Rigal, J},
  journal={Archives of dermatological research},
  volume={269},
  number={3},
  pages={221--232},
  year={1980},
  publisher={Springer}
}

@inproceedings{tramacere2012artificial,
  title={Artificial adhesion mechanisms inspired by octopus suckers},
  author={Tramacere, Francesca and Beccai, Lucia and Mattioli, Fabio and Sinibaldi, Edoardo and Mazzolai, Barbara},
  booktitle={Robotics and Automation (ICRA), 2012 IEEE International Conference on},
  pages={3846--3851},
  year={2012},
  organization={IEEE}
}

@article{lorentzen1999clinical,
  title={Clinical and dermatoscopic diagnosis of malignant melanoma: assessed by expert and non-expert groups.},
  author={Lorentzen, Henrik and Weismann, Kaare and Petersen, Carsten Sand and Gr{\o}nh{\o}j Larsen, Frederik and Secher, Lena and Sk{\o}dt, Vera},
  journal={Acta dermato-venereologica},
  volume={79},
  number={4},
  year={1999}
}

@article{allen2007photoplethysmography,
  title={Photoplethysmography and its application in clinical physiological measurement},
  author={Allen, John},
  journal={Physiological measurement},
  volume={28},
  number={3},
  pages={R1},
  year={2007},
  publisher={IOP Publishing}
}

@inproceedings{hernandez2015biophone,
  title={Biophone: Physiology monitoring from peripheral smartphone motions},
  author={Hernandez, Javier and McDuff, Daniel J and Picard, Rosalind W},
  booktitle={Engineering in Medicine and Biology Society (EMBC), 2015 37th Annual International Conference of the IEEE},
  pages={7180--7183},
  year={2015},
  organization={IEEE}
}

@techreport{clauser1969weight,
  title={Weight, volume, and center of mass of segments of the human body},
  author={Clauser, Charles E and McConville, John T and Young, John W},
  year={1969},
  institution={ANTIOCH COLL YELLOW SPRINGS OH}
}

@article{lanir1990vivo,
  title={In-vivo indentation of human skin},
  author={Lanir, Y and Dikstein, S and Hartzshtark, A and Manny, V},
  journal={Journal of biomechanical engineering},
  volume={112},
  number={1},
  pages={63--69},
  year={1990},
  publisher={American Society of Mechanical Engineers}
}

@inproceedings{fok2012improved,
  title={Improved locomotion for the HeartLander robot for injection of an anti-remodeling hydrogel},
  author={Fok, Kevin and Wood, Nathan A and Riviere, Cameron N},
  booktitle={Bioengineering Conference (NEBEC), 2012 38th Annual Northeast},
  pages={207--208},
  year={2012},
  organization={IEEE}
}

@article{wehner2016integrated,
  title={An integrated design and fabrication strategy for entirely soft, autonomous robots},
  author={Wehner, Michael and Truby, Ryan L and Fitzgerald, Daniel J and Mosadegh, Bobak and Whitesides, George M and Lewis, Jennifer A and Wood, Robert J},
  journal={Nature},
  volume={536},
  number={7617},
  pages={451},
  year={2016},
  publisher={Nature Publishing Group}
}

@article{polygerinos2015soft,
  title={Soft robotic glove for combined assistance and at-home rehabilitation},
  author={Polygerinos, Panagiotis and Wang, Zheng and Galloway, Kevin C and Wood, Robert J and Walsh, Conor J},
  journal={Robotics and Autonomous Systems},
  volume={73},
  pages={135--143},
  year={2015},
  publisher={Elsevier}
}

@book{boucsein2012electrodermal,
  title={Electrodermal Activity},
  author={Boucsein, W.},
  isbn={9781461411260},
  lccn={2011939059},
  series={The Springer series in behavioral psychophysiology and medicine},
  url={https://books.google.com/books?id=6N6rnOEZEEoC},
  year={2012},
  publisher={Springer US}
}

@inproceedings{fuke1996dead,
  title={Dead reckoning for a lunar rover on uneven terrain},
  author={Fuke, Yasutaka and Krotkov, Eric},
  booktitle={Robotics and Automation, 1996. Proceedings., 1996 IEEE International Conference on},
  volume={1},
  pages={411--416},
  year={1996},
  organization={IEEE}
}

@book{borenstein1996navigating,
  title={Navigating mobile robots: Systems and techniques},
  author={Borenstein, Johann and Everett, HR and Feng, Liqiang},
  year={1996},
  publisher={AK Peters, Ltd.}
}

@inproceedings{ogata2012pygmy,
  title={Pygmy: a ring-like anthropomorphic device that animates the human hand},
  author={Ogata, Masayasu and Sugiura, Yuta and Osawa, Hirotaka and Imai, Michita},
  booktitle={CHI'12 Extended Abstracts on Human Factors in Computing Systems},
  pages={1003--1006},
  year={2012},
  organization={ACM}
}

@inproceedings{yao2013pneui,
  title={PneUI: pneumatically actuated soft composite materials for shape changing interfaces},
  author={Yao, Lining and Niiyama, Ryuma and Ou, Jifei and Follmer, Sean and Della Silva, Clark and Ishii, Hiroshi},
  booktitle={Proceedings of the 26th Annual ACM Symposium on User Interface Software and Technology},
  pages={13--22},
  year={2013},
  organization={ACM}
}

@PhdThesis{whitonThesis,
  author =       {Adam Whiton},
  title =        { Sartorial Robotics: Electronic-textiles and fiber-electronics for social soft-architecture robotics},
  school =       {Massachusetts Institute of Technology},
  year =         2013,
  address =      {Cambridge, MA},
}

@article{welch2002motion,
  title={Motion tracking: No silver bullet, but a respectable arsenal},
  author={Welch, Greg and Foxlin, Eric},
  journal={IEEE Computer graphics and Applications},
  volume={22},
  number={6},
  pages={24--38},
  year={2002},
  publisher={IEEE}
}

@article{jung2011tdoa,
  title={TDOA-based optical wireless indoor localization using LED ceiling lamps},
  author={Jung, Soo-Yong and Hann, Swook and Park, Chang-Soo},
  journal={IEEE Transactions on Consumer Electronics},
  volume={57},
  number={4},
  year={2011},
  publisher={IEEE}
}

@article{hightower2001location,
  title={Location systems for ubiquitous computing},
  author={Hightower, Jeffrey and Borriello, Gaetano},
  journal={Computer},
  volume={34},
  number={8},
  pages={57--66},
  year={2001},
  publisher={IEEE}
}

@techreport{hightower2000spoton,
  title={SpotON: An indoor 3D location sensing technology based on RF signal strength},
  author={Hightower, Jeffrey and Want, Roy and Borriello, Gaetano},
  year={2000},
  institution={University of Washington CSE Report\# 2000-02}
}

@article{hu2010cubic,
  title={A cubic 3-axis magnetic sensor array for wirelessly tracking magnet position and orientation},
  author={Hu, Chao and Li, Mao and Song, Shuang and Zhang, Rui and Meng, Max Q-H and others},
  journal={IEEE Sensors Journal},
  volume={10},
  number={5},
  pages={903--913},
  year={2010},
  publisher={IEEE}
}

@inproceedings{liang2013gaussbits,
  title={GaussBits: magnetic tangible bits for portable and occlusion-free near-surface interactions},
  author={Liang, Rong-Hao and Cheng, Kai-Yin and Chan, Liwei and Peng, Chuan-Xhyuan and Chen, Mike Y and Liang, Rung-Huei and Yang, De-Nian and Chen, Bing-Yu},
  booktitle={Proceedings of the SIGCHI Conference on Human Factors in Computing Systems},
  pages={1391--1400},
  year={2013},
  organization={ACM}
}

@inproceedings{mautz2011survey,
  title={Survey of optical indoor positioning systems},
  author={Mautz, Rainer and Tilch, Sebastian},
  booktitle={Indoor Positioning and Indoor Navigation (IPIN), 2011 International Conference on},
  pages={1--7},
  year={2011},
  organization={IEEE}
}

@article{gozick2011magnetic,
  title={Magnetic maps for indoor navigation},
  author={Gozick, Brandon and Subbu, Kalyan Pathapati and Dantu, Ram and Maeshiro, Tomyo},
  journal={IEEE Transactions on Instrumentation and Measurement},
  volume={60},
  number={12},
  pages={3883--3891},
  year={2011},
  publisher={IEEE}
}

@inproceedings{kulkarni2005senseye,
  title={SensEye: a multi-tier camera sensor network},
  author={Kulkarni, Purushottam and Ganesan, Deepak and Shenoy, Prashant and Lu, Qifeng},
  booktitle={Proceedings of the 13th annual ACM international conference on Multimedia},
  pages={229--238},
  year={2005},
  organization={ACM}
}

@article{want1992active,
  title={The active badge location system},
  author={Want, Roy and Hopper, Andy and Falcao, Veronica and Gibbons, Jonathan},
  journal={ACM Transactions on Information Systems (TOIS)},
  volume={10},
  number={1},
  pages={91--102},
  year={1992},
  publisher={ACM}
}

@inproceedings{adib20143d,
  title={3D Tracking via Body Radio Reflections.},
  author={Adib, Fadel and Kabelac, Zachary and Katabi, Dina and Miller, Robert C},
  booktitle={NSDI},
  volume={14},
  pages={317--329},
  year={2014}
}

@inproceedings{villar2018project,
  title={Project Zanzibar: A Portable and Flexible Tangible Interaction Platform},
  author={Villar, Nicolas and Cletheroe, Daniel and Saul, Greg and Holz, Christian and Regan, Tim and Salandin, Oscar and Sra, Misha and Yeo, Hui-Shyong Yeo and Field, William and Zhang, Haiyan},
  booktitle={Proceedings of the 2018 CHI Conference on Human Factors in Computing Systems},
  pages={515},
  year={2018},
  organization={ACM}
}
@article{digiampaolo2012passive,
  title={A passive UHF-RFID system for the localization of an indoor autonomous vehicle},
  author={DiGiampaolo, Emidio and Martinelli, Francesco},
  journal={IEEE Transactions on Industrial Electronics},
  volume={59},
  number={10},
  pages={3961--3970},
  year={2012},
  publisher={Institute of Electrical and Electronics Engineers, Inc., 3 Park Avenue, 17~…}
}

@inproceedings{priyantha2000cricket,
  title={The cricket location-support system},
  author={Priyantha, Nissanka B and Chakraborty, Anit and Balakrishnan, Hari},
  booktitle={Proceedings of the 6th annual international conference on Mobile computing and networking},
  pages={32--43},
  year={2000},
  organization={ACM}
}

@inproceedings{ni2003landmarc,
  title={LANDMARC: indoor location sensing using active RFID},
  author={Ni, Lionel M and Liu, Yunhao and Lau, Yiu Cho and Patil, Abhishek P},
  booktitle={Pervasive Computing and Communications, 2003.(PerCom 2003). Proceedings of the First IEEE International Conference on},
  pages={407--415},
  year={2003},
  organization={IEEE}
}

@article{harter2002anatomy,
  title={The anatomy of a context-aware application},
  author={Harter, Andy and Hopper, Andy and Steggles, Pete and Ward, Andy and Webster, Paul},
  journal={Wireless Networks},
  volume={8},
  number={2/3},
  pages={187--197},
  year={2002},
  publisher={Springer-Verlag New York, Inc.}
}

@article{raab1979magnetic,
  title={Magnetic position and orientation tracking system},
  author={Raab, Frederick H and Blood, Ernest B and Steiner, Terry O and Jones, Herbert R},
  journal={IEEE Transactions on Aerospace and Electronic systems},
  number={5},
  pages={709--718},
  year={1979},
  publisher={IEEE}
}

@incollection{lyon1981optical,
  title={The optical mouse, and an architectural methodology for smart digital sensors},
  author={Lyon, Richard F},
  booktitle={VLSI Systems and Computations},
  pages={1--19},
  year={1981},
  publisher={Springer}
}

@article{lee2004mobile,
  title={Mobile robot localization using optical flow sensors},
  author={Lee, Sooyong and Song, Jae-Bok},
  journal={International Journal of Control, Automation, and Systems},
  volume={2},
  number={4},
  pages={485--493},
  year={2004}
}

@inproceedings{honegger2013open,
  title={An open source and open hardware embedded metric optical flow cmos camera for indoor and outdoor applications},
  author={Honegger, Dominik and Meier, Lorenz and Tanskanen, Petri and Pollefeys, Marc},
  booktitle={Robotics and Automation (ICRA), 2013 IEEE International Conference on},
  pages={1736--1741},
  year={2013},
  organization={IEEE}
}

@article{mikhail2001introduction,
  title={Introduction to modern photogrammetry},
  author={Mikhail, Edward M and Bethel, James S and McGlone, J Chris},
  journal={New York},
  year={2001}
}

@article{paradiso2005energy,
  title={Energy scavenging for mobile and wireless electronics},
  author={Paradiso, Joseph A and Starner, Thad},
  journal={IEEE Pervasive computing},
  number={1},
  pages={18--27},
  year={2005},
  publisher={Ieee}
}

@article{sample2008design,
  title={Design of an RFID-based battery-free programmable sensing platform},
  author={Sample, Alanson P and Yeager, Daniel J and Powledge, Pauline S and Mamishev, Alexander V and Smith, Joshua R and others},
  journal={IEEE transactions on instrumentation and measurement},
  volume={57},
  number={11},
  pages={2608},
  year={2008}
}

@inproceedings{dementyev2013wirelessly,
  title={Wirelessly powered bistable display tags},
  author={Dementyev, Artem and Gummeson, Jeremy and Thrasher, Derek and Parks, Aaron and Ganesan, Deepak and Smith, Joshua R and Sample, Alanson P},
  booktitle={Proceedings of the 2013 ACM international joint conference on Pervasive and ubiquitous computing},
  pages={383--386},
  year={2013},
  organization={ACM}
}

@article{sample2011analysis,
  title={Analysis, experimental results, and range adaptation of magnetically coupled resonators for wireless power transfer},
  author={Sample, Alanson P and Meyer, David T and Smith, Joshua R},
  journal={IEEE Transactions on industrial electronics},
  volume={58},
  number={2},
  pages={544--554},
  year={2011},
  publisher={IEEE}
}

@inproceedings{parks2013wireless,
  title={A wireless sensing platform utilizing ambient RF energy},
  author={Parks, Aaron N and Sample, Alanson P and Zhao, Yi and Smith, Joshua R},
  booktitle={Power Amplifiers for Wireless and Radio Applications (PAWR), 2013 IEEE Topical Conference on},
  pages={160--162},
  year={2013},
  organization={IEEE}
}

@inproceedings{dementyev2013wearable,
  title={A wearable uhf rfid-based eeg system},
  author={Dementyev, Artem and Smith, Joshua R},
  booktitle={RFID (RFID), 2013 IEEE International Conference on},
  pages={1--7},
  year={2013},
  organization={IEEE}
}

@phdthesis{dementyev2013applications,
  title={Applications of RF-powered computing systems: wearable EEG monitor and bistable display tag},
  author={Dementyev, Artem},
  year={2013}
}

@article{dagdeviren2014conformal,
  title={Conformal piezoelectric energy harvesting and storage from motions of the heart, lung, and diaphragm},
  author={Dagdeviren, Canan and Yang, Byung Duk and Su, Yewang and Tran, Phat L and Joe, Pauline and Anderson, Eric and Xia, Jing and Doraiswamy, Vijay and Dehdashti, Behrooz and Feng, Xue and others},
  journal={Proceedings of the National Academy of Sciences},
  volume={111},
  number={5},
  pages={1927--1932},
  year={2014},
  publisher={National Acad Sciences}
}

@article{shenck2001energy,
  title={Energy scavenging with shoe-mounted piezoelectrics},
  author={Shenck, Nathan S and Paradiso, Joseph A},
  journal={IEEE micro},
  volume={21},
  number={3},
  pages={30--42},
  year={2001},
  publisher={IEEE}
}

@article{kim2014wearable,
  title={A wearable thermoelectric generator fabricated on a glass fabric},
  author={Kim, Sun Jin and We, Ju Hyung and Cho, Byung Jin},
  journal={Energy \& Environmental Science},
  volume={7},
  number={6},
  pages={1959--1965},
  year={2014},
  publisher={Royal Society of Chemistry}
}

@inproceedings{naderiparizi2015wispcam,
  title={WISPCam: A battery-free RFID camera},
  author={Naderiparizi, Saman and Parks, Aaron N and Kapetanovic, Zerina and Ransford, Benjamin and Smith, Joshua R},
  booktitle={RFID (RFID), 2015 IEEE International Conference on},
  pages={166--173},
  year={2015},
  organization={IEEE}
}

@article{van2014rechargeable,
  title={The rechargeable revolution: A better battery},
  author={Van Noorden, Richard},
  journal={Nature News},
  volume={507},
  number={7490},
  pages={26},
  year={2014}
}

@article{jung2012improved,
  title={An improved high-performance lithium--air battery},
  author={Jung, Hun-Gi and Hassoun, Jusef and Park, Jin-Bum and Sun, Yang-Kook and Scrosati, Bruno},
  journal={Nature chemistry},
  volume={4},
  number={7},
  pages={579},
  year={2012},
  publisher={Nature Publishing Group}
}

@article{manthiram2017lithium,
  title={Lithium battery chemistries enabled by solid-state electrolytes},
  author={Manthiram, Arumugam and Yu, Xingwen and Wang, Shaofei},
  journal={Nature Reviews Materials},
  volume={2},
  number={4},
  pages={16103},
  year={2017},
  publisher={Nature Publishing Group}
}

@article{lin2017low,
  title={Low-cost methodology for skin strain measurement of a flexed biological limb},
  author={Lin, Bevin and Moerman, Kevin M and McMahan, Connor G and Pasch, Kenneth A and Herr, Hugh M},
  journal={IEEE Transactions on Biomedical Engineering},
  volume={64},
  number={12},
  pages={2750--2759},
  year={2017},
  publisher={IEEE}
}

@article{moerman2009digital,
  title={Digital image correlation and finite element modelling as a method to determine mechanical properties of human soft tissue in vivo},
  author={Moerman, Kevin M and Holt, Cathy A and Evans, Sam L and Simms, Ciaran K},
  journal={Journal of biomechanics},
  volume={42},
  number={8},
  pages={1150--1153},
  year={2009},
  publisher={Elsevier}
}

@article{dobrev2000use,
  title={Use of Cutometer to assess epidermal hydration},
  author={Dobrev, Hristo},
  journal={Skin research and technology},
  volume={6},
  number={4},
  pages={239--244},
  year={2000},
  publisher={Wiley Online Library}
}

@article{ofxSkeleton,
  author={Tim Gfrerer},
  title={ofxSkeleton},
  year=2014,
  note=    {\url{http://poniesandlight.co.uk/code/ofxSkeleton/}},
    journal="Ponies and Light",
}

@article{attal2015physical,
  title={Physical human activity recognition using wearable sensors},
  author={Attal, Ferhat and Mohammed, Samer and Dedabrishvili, Mariam and Chamroukhi, Faicel and Oukhellou, Latifa and Amirat, Yacine},
  journal={Sensors},
  volume={15},
  number={12},
  pages={31314--31338},
  year={2015},
  publisher={Multidisciplinary Digital Publishing Institute}
}

@article{de2002early,
  title={Early detection of cancer: knowledge and behavior among Dutch adults},
  author={de Nooijer, Jascha and Lechner, Lilian and de Vries, Hein},
  journal={Cancer detection and prevention},
  volume={26},
  number={5},
  pages={362--369},
  year={2002},
  publisher={Elsevier}
}

@inproceedings{gwilliam2010human,
  title={Human vs. robotic tactile sensing: Detecting lumps in soft tissue},
  author={Gwilliam, James C and Pezzementi, Zachary and Jantho, Erica and Okamura, Allison M and Hsiao, Steven},
  booktitle={2010 IEEE Haptics Symposium},
  pages={21--28},
  year={2010},
  organization={IEEE}
}

@article{wellman2001tactile,
  title={Tactile imaging of breast masses: first clinical report},
  author={Wellman, Parris S and Dalton, Edward P and Krag, David and Kern, Kenneth A and Howe, Robert D},
  journal={Archives of surgery},
  volume={136},
  number={2},
  pages={204--208},
  year={2001},
  publisher={American Medical Association}
}

@article{kawasaki2002dexterous,
  title={Dexterous anthropomorphic robot hand with distributed tactile sensor: Gifu hand II},
  author={Kawasaki, Haruhisa and Komatsu, Tsuneo and Uchiyama, Kazunao},
  journal={IEEE/ASME transactions on mechatronics},
  volume={7},
  number={3},
  pages={296--303},
  year={2002},
  publisher={IEEE}
}

@inproceedings{geng2018clothbot_beta,
  title={Clothbot\_$\beta$: Dynamical Grasping and Climbing on Soft Cloth},
  author={Geng, Peng and Liu, Jia and Wu, Xinyu and Feng, Wei},
  booktitle={2018 13th World Congress on Intelligent Control and Automation (WCICA)},
  pages={13--20},
  year={2018},
  organization={IEEE}
}

@inproceedings{agharese2018hapwrap,
  title={HapWRAP: Soft Growing Wearable Haptic Device},
  author={Agharese, Nathaniel and Cloyd, Tyler and Blumenschein, Laura H and Raitor, Michael and Hawkes, Elliot W and Culbertson, Heather and Okamura, Allison M},
  booktitle={2018 IEEE International Conference on Robotics and Automation (ICRA)},
  pages={1--5},
  year={2018},
  organization={IEEE}
}

@article{polygerinos2015soft,
  title={Soft robotic glove for combined assistance and at-home rehabilitation},
  author={Polygerinos, Panagiotis and Wang, Zheng and Galloway, Kevin C and Wood, Robert J and Walsh, Conor J},
  journal={Robotics and Autonomous Systems},
  volume={73},
  pages={135--143},
  year={2015},
  publisher={Elsevier}
}

@article{trivedi2008soft,
  title={Soft robotics: Biological inspiration, state of the art, and future research},
  author={Trivedi, Deepak and Rahn, Christopher D and Kier, William M and Walker, Ian D},
  journal={Applied bionics and biomechanics},
  volume={5},
  number={3},
  pages={99--117},
  year={2008},
  publisher={Hindawi}
}

@article{tsagarakis2003development,
  title={Development and control of a ‘soft-actuated’exoskeleton for use in physiotherapy and training},
  author={Tsagarakis, Nikolaos G and Caldwell, Darwin G},
  journal={Autonomous Robots},
  volume={15},
  number={1},
  pages={21--33},
  year={2003},
  publisher={Springer}
}

@article{de2017soft,
  title={A soft multi-module manipulator with variable stiffness for minimally invasive surgery},
  author={De Falco, Iris and Cianchetti, Matteo and Menciassi, Arianna},
  journal={Bioinspiration \& biomimetics},
  volume={12},
  number={5},
  pages={056008},
  year={2017},
  publisher={IOP Publishing}
}

@article{boas2001imaging,
  title={Imaging the body with diffuse optical tomography},
  author={Boas, David A and Brooks, Dana H and Miller, Eric L and DiMarzio, Charles A and Kilmer, Misha and Gaudette, Richard J and Zhang, Quan},
  journal={IEEE signal processing magazine},
  volume={18},
  number={6},
  pages={57--75},
  year={2001},
  publisher={IEEE}
}

@article{cheney1999electrical,
  title={Electrical impedance tomography},
  author={Cheney, Margaret and Isaacson, David and Newell, Jonathan C},
  journal={SIAM review},
  volume={41},
  number={1},
  pages={85--101},
  year={1999},
  publisher={SIAM}
}

@article{tramacere2015octopus,
  title={Octopus-like suction cups: from natural to artificial solutions},
  author={Tramacere, FRANCESCA and Follador, M and Pugno, NM and Mazzolai, B},
  journal={Bioinspiration \& biomimetics},
  volume={10},
  number={3},
  pages={035004},
  year={2015},
  publisher={IOP Publishing}
}

@article{sareh2017anchoring,
  title={Anchoring like octopus: biologically inspired soft artificial sucker},
  author={Sareh, Sina and Althoefer, Kaspar and Li, Min and Noh, Yohan and Tramacere, Francesca and Sareh, Pooya and Mazzolai, Barbara and Kovac, Mirko},
  journal={Journal of the Royal Society Interface},
  volume={14},
  number={135},
  pages={20170395},
  year={2017},
  publisher={The Royal Society}
}